<?xml version="1.0" encoding="UTF-8"?><collection xmlns="http://www.loc.gov/MARC21/slim"><record><leader>00431nam--2200169-i-4500</leader><controlfield tag="001">000015095</controlfield><controlfield tag="002">20161230</controlfield><controlfield tag="005">20161230201031</controlfield><controlfield tag="008">060222s1000------------r-----000-0-eng-d</controlfield><datafield ind1=" " ind2=" " tag="040"><subfield code="a">IFIN-HH</subfield></datafield><datafield ind1=" " ind2=" " tag="080"><subfield code="a">539.14:539.17</subfield></datafield><datafield ind1="1" ind2=" " tag="100"><subfield code="a">Bohr, Aage</subfield></datafield><datafield ind1="1" ind2="0" tag="245"><subfield code="a">Rotational states of atomic nuclei</subfield><subfield code="c">Aage bohr</subfield></datafield><datafield ind1=" " ind2=" " tag="260"><subfield code="a">Kobenhavn</subfield><subfield code="b">Ejnar Munksgaard</subfield><subfield code="c">1954</subfield></datafield><datafield ind1=" " ind2=" " tag="300"><subfield code="a">55 P</subfield></datafield><datafield ind1=" " ind2=" " tag="852"><subfield code="a">10160</subfield><subfield code="c">539.14</subfield></datafield><datafield ind1=" " ind2=" " tag="CAT"><subfield code="a">Sys</subfield><subfield code="c">20120321</subfield><subfield code="h">110941</subfield></datafield></record></collection>